@misc{malte_2017,
  title   = {Pastinaken-Mandel-Suppe mit Pumpernickelbrösel},
  url     = {https://www.malteskitchen.de/pastinaken-mandel-suppe-mit-pumpernickelbroesel/},
  urldate = {2021-12-16},
  author  = {Adrian, Malte},
  year    = {2017}
}

@misc{fuersie_2021,
  title   = {Ravioli und Tortellini einfach selber machen: Anleitung und Rezept},
  url     = {https://www.fuersie.de/kochen/rezeptideen/artikel/ravioli-selber-machen-anleitung-und-rezept},
  urldate = {2021-12-16},
  author  = {{Für Sie}},
  year    = {2021}
}

@misc{blondeangel_2008,
  title   = {Der beste Käsekuchen der Welt},
  url     = {https://www.chefkoch.de/rezepte/1218391227356456/Der-beste-Kaesekuchen-der-Welt.html},
  urldate = {2022-01-02},
  author  = {blondeangel716},
  year    = {2008}
}
